% Referências Bibliográficas (segundo ABNT)

@INPROCEEDINGS{SudianaChandra,
  author={Sudiana and Chandra, Yakob Utama and Angela, Lydia},
  booktitle={2021 International Conference on Information Management and Technology (ICIMTech)}, 
  title={Key Success Factors for a Better User Experience in E-Commerce Website}, 
  year={2021},
  volume={1},
  number={},
  pages={512-516},
  doi={10.1109/ICIMTech53080.2021.Sudiana}
}

\\\\\\\\\\\\\\\\\\\\\\\\\\\\\\\\\\\\\\\\\\\\\\\\\\\\\\\\\

@article{LucasAlmeida,
title = {From e-commerce to m-commerce: An analysis of the user’s experience with different access platforms},
journal = {Electronic Commerce Research and Applications},
volume = {58},
pages = {101240},
year = {2023},
issn = {1567-4223},
doi = {https://doi.org/10.1016/j.elerap.2023.101240},
url = {https://www.sciencedirect.com/science/article/pii/S1567422323000054},
author = {Gabriel Almeida Lucas and Guilherme Lerch Lunardi and Décio Bittencourt Dolci},
}

\\\\\\\\\\\\\\\\\\\\\\\\\\\\\\\\\\\\\\\\\\\\\\\\\\\\\\\\\

@INPROCEEDINGS{GunawanRicky,
  author={Gunawan, Ricky and Anthony, Geraldi and Vendly and Anggreainy, Maria Susan},
  booktitle={2021 6th International Conference on New Media Studies (CONMEDIA)}, 
  title={The Effect of Design User Interface (UI) E-Commerce on User Experience (UX)}, 
  year={2021},
  volume={},
  number={},
  pages={95-98},
  doi={10.1109/CONMEDIA53104.2021.9617199}
}

\\\\\\\\\\\\\\\\\\\\\\\\\\\\\\\\\\\\\\\\\\\\\\\\\\\\\\\\\

@MISC{NNGroupUX,
  title        = "The definition of User experience ({UX})",
  booktitle    = "Nielsen Norman Group",
  author       = "Norman, Don and Nielsen, Jakob",
  month        =  aug,
  year         =  1998,
  url = {https://www.nngroup.com/articles/definition-user-experience/},
  urlaccessdate         = "15 dez. 2023",
  language     = "en"
}

\\\\\\\\\\\\\\\\\\\\\\\\\\\\\\\\\\\\\\\\\\\\\\\\\\\\\\\\\

@MISC{NNGroupUI,
  title        = "Usability 101: Introduction to usability",
  booktitle    = "Nielsen Norman Group",
  author       = "Nielsen, Jakob",
  month        =  jan,
  year         =  2012,
  url = {https://www.nngroup.com/articles/usability-101-introduction-to-usability/},
  urlaccessdate         = "15 dez. 2023",
  language     = "en"
}

\\\\\\\\\\\\\\\\\\\\\\\\\\\\\\\\\\\\\\\\\\\\\\\\\\\\\\\\\

@MISC{HeuristicasNielsen,
  title        = "10 usability heuristics for user interface design",
  booktitle    = "Nielsen Norman Group",
  author       = "Nielsen, Jakob",
  month        =  apr,
  year         =  1994,
  url={https://www.nngroup.com/articles/ten-usability-heuristics/},
  urlaccessdate         = "15 dez. 2023",
  language     = "en"
}

\\\\\\\\\\\\\\\\\\\\\\\\\\\\\\\\\\\\\\\\\\\\\\\\\\\\\\\\\

@MISC{ConversionDocs,
  title        = "Relat{\'o}rios dos Setores do E-commerce do Brasil",
  author       = "Conversion",
  year = {2011},
  url = {https://lp.conversion.com.br/relatorio-setores-ecommerce/},
  urlaccessdate         = "13 dez. 2023"
}

\\\\\\\\\\\\\\\\\\\\\\\\\\\\\\\\\\\\\\\\\\\\\\\\\\\\\\\\\

@MISC{ISO924210,
  title        = "Ergonomics of human-system interaction --- Part 210:
                  Human-centred design for interactive systems",
  author       = "{ISO-9241-210}",
  year         =  2019,
  url = {https://www.iso.org/standard/77520.html},
  urlaccessdate         = "15 dez. 2023",
  language     = "en"
}

\\\\\\\\\\\\\\\\\\\\\\\\\\\\\\\\\\\\\\\\\\\\\\\\\\\\\\\\\

@article{MendoncaEcommerce, 
    title={E-Commerce}, 
    volume={4}, 
    url={https://periodicos.uninove.br/iptec/article/view/9361}, 
    DOI={10.5585/iptec.v4i2.68},
    number={2},
    journal={Revista Inovação, Projetos e Tecnologias}, 
    author={Mendon{\c c}a, Herbert Garcia}, 
    year={2016}, 
    month={dez.}, 
    pages={240–251} 
}

\\\\\\\\\\\\\\\\\\\\\\\\\\\\\\\\\\\\\\\\\\\\\\\\\\\\\\\\\

@article{HongyanEcommerce,
author = {Hongyan Dai and Qin Xiao and Nina Yan and Xun Xu and Tingting Tong},
title = {What Influences Online Sales Across Different Types of E-Commerce Platforms},
journal = {International Journal of Electronic Commerce},
volume = {26},
number = {3},
pages = {311-330},
year = {2022},
publisher = {Routledge},
doi = {10.1080/10864415.2022.2076196},
URL = {https://doi.org/10.1080/10864415.2022.2076196}
}

\\\\\\\\\\\\\\\\\\\\\\\\\\\\\\\\\\\\\\\\\\\\\\\\\\\\\\\\\

@monography{BaloghSustainable, 
    address={Suécia}, 
    author={Bernataviciute, Viktorija and Balogh, R{\'a}hel Anna}, 
    pages={55}, 
    school={Jönköping University}, 
    title={Sustainable web design in the e-commerce sector: Evaluation and proposed improvement of existing guidelines}, 
    type={Trabalho de Conclusão de Curso Bacharelado}, 
    year={2022}
}

\\\\\\\\\\\\\\\\\\\\\\\\\\\\\\\\\\\\\\\\\\\\\\\\\\\\\\\\\

@article{ECommerceOverview,
  title={An Overview of Electronic Commerce (e-Commerce)},
  author={Vipin Jain and Bindoo Malviya and Satyendra Arya},
  journal={The Journal of Contemporary Issues in Business and Government},
  year={2021},
  volume={27},
  pages={665-670},
  url={https://api.semanticscholar.org/CorpusID:233759661}
}

\\\\\\\\\\\\\\\\\\\\\\\\\\\\\\\\\\\\\\\\\\\\\\\\\\\\\\\\\

@MISC{RelatoriosEbit,
  title        = "Relat{\'o}rios Webshoppers",
  author       = "Ebit",
  year         =  2001,
  url = {https://master.ebit.com.br/webshoppers},
  urlaccessdate         = "13 dez. 2023",
  language     = "pt"
}

\\\\\\\\\\\\\\\\\\\\\\\\\\\\\\\\\\\\\\\\\\\\\\\\\\\\\\\\\

@Inbook{AttrakDiff,
    author="Hassenzahl, Marc and Burmester, Michael and Koller, Franz",
    editor="Szwillus, Gerd and Ziegler, J{\"u}rgen",
    title="AttrakDiff: Ein Fragebogen zur Messung wahrgenommener hedonischer und pragmatischer Qualit{\"a}t",
    bookTitle="Mensch {\&} Computer 2003: Interaktion in Bewegung",
    year="2003",
    publisher="Vieweg+Teubner Verlag",
    address="Wiesbaden",
    pages="187--196",
    isbn="978-3-322-80058-9",
    doi="10.1007/978-3-322-80058-9_19",
    url="https://doi.org/10.1007/978-3-322-80058-9_19"
}

\\\\\\\\\\\\\\\\\\\\\\\\\\\\\\\\\\\\\\\\\\\\\\\\\\\\\\\\\

@article{EstudoPráticoAttrakDiff,
    author = {Valentim, Natasha and Silva, Williamson and Conte, Tayana},
    year = {2015},
    month = {01},
    pages = {788-801},
    title = {Evaluating the user experience and the usability of a mobile web application: An experience report},
    journal = {CIBSE 2015 - XVIII Ibero-American Conference on Software Engineering}
}

\\\\\\\\\\\\\\\\\\\\\\\\\\\\\\\\\\\\\\\\\\\\\\\\\\\\\\\\\

@INCOLLECTION{AttrakDiffR,
    author = {Margolis, Iara and Provid{\^e}ncia, Bernardo},
    year = {2021},
    month = {01},
    pages = {171-182},
    title = {O Attrakdiff-R para o design: uma redu{\c c}{\~a}o do Attrakdiff para a an{\'a}lise hol{\'\i}stica das experi{\^e}ncias do usu{\'a}rio},
    booktitle = "Design Centrado no Usu{\'a}rio: concep{\c c}{\~o}es, pr{\'a}ticas e solu{\c c}{\~o}es",
    publisher = "Editora Cient{\'\i}fica Digital",
    url={https://hdl.handle.net/1822/74999},
    isbn = {9786589826866},
    doi = {10.37885/210805629}
}

\\\\\\\\\\\\\\\\\\\\\\\\\\\\\\\\\\\\\\\\\\\\\\\\\\\\\\\\\

@BOOK{ProjPesquisaGil,
  author={Gil, Ant{\'o}nio Carlos},
  booktitle={Atlas S{\~a}o Paulo}, 
  title={Como elaborar projetos de pesquisa}, 
  year={2002},
  volume={4},
  number={},
  doi={ISBN 85-224-3169-8}
}

\\\\\\\\\\\\\\\\\\\\\\\\\\\\\\\\\\\\\\\\\\\\\\\\\\\\\\\\\

@article{PesquisaAcaoTripp, 
    title={Pesquisa-a{\c c}{\~a}o: uma introdu{\c c}{\~a}o metodol{\'o}gica}, 
    volume={31}, 
    url={https://www.revistas.usp.br/ep/article/view/27989}, 
    DOI={10.1590/S1517-97022005000300009}, 
    number={3}, 
    journal={Educação e Pesquisa}, 
    author={Tripp, David}, 
    year={2005}, 
    month={dez.}, 
    pages={443-466} 
}

\\\\\\\\\\\\\\\\\\\\\\\\\\\\\\\\\\\\\\\\\\\\\\\\\\\\\\\\\

@MISC{AtomicDesignFrost,
  author={Brad Frost},
  title={Atomic Design},
  year={2013},
  url={https://bradfrost.com/blog/post/atomic-web-design/}
}

\\\\\\\\\\\\\\\\\\\\\\\\\\\\\\\\\\\\\\\\\\\\\\\\\\\\\\\\\

@MISC{MaterialDesign3,
  title        = "Material Design 3",
  booktitle    = "Material Design 3",
  author       = "Material",
  year         =  2024,
  url={https://m3.material.io/},
  urlaccessdate         = "06 mar. 2024",
}

\\\\\\\\\\\\\\\\\\\\\\\\\\\\\\\\\\\\\\\\\\\\\\\\\\\\\\\\\
    
@monography{UsabilidadeJoao, 
    address={S{\~a}o Paulo}, 
    author={Jos{\'e} Renato Albertini}, 
    pages={55}, 
    school={Universidade S{\~a}o Francisco}, 
    title={Usabilidade e Ergonomia Em Interfaces Humano Computador}, 
    type={Trabalho de Conclus{\~a}o de Curso}, 
    year={2011}
}

\\\\\\\\\\\\\\\\\\\\\\\\\\\\\\\\\\\\\\\\\\\\\\\\\\\\\\\\\

@article{ComputacaoMovel,
    author = {Figueiredo, Carlos Maurício Seródio and Nakamura, Eduardo Freire},
    year = {2015},
    month = {09},
    pages = {},
    title = {Computação Móvel: Novas Oportunidades e Novos Desafios},
    url = {https://www.academia.edu/5229036/Computa%C3%A7%C3%A3o_M%C3%B3vel_Novas_Oportunidades_e_Novos_Desafios_16_COMPUTA%C3%87%C3%83O_M%C3%93VEL_NOVAS_OPORTUNIDADES_E_NOVOS_DESAFIOS},
    urlaccessdate = {5 mar. 2024}
}

\\\\\\\\\\\\\\\\\\\\\\\\\\\\\\\\\\\\\\\\\\\\\\\\\\\\\\\\\

@article{ComunicacaoEComputacao,
    author = {Loureiro, A. A. F. and Mateus, G. R. and Nogueira, J. M. S. and Kelner, Judith},
    title = {Comunicação Sem Fio e Computação Móvel: Tecnologias, Desafios e Oportunidades},
    journal = {XXII Jornada de Atualização em Informática. : Sociedade Brasileira de Computação},
    volume = {2},
    pages = {195-244},
    year = {2003},
    URL = {https://homepages.dcc.ufmg.br/~loureiro/cm/docs/jai03.pdf},
    urlaccessdate = {5 mar. 2024}
}

\\\\\\\\\\\\\\\\\\\\\\\\\\\\\\\\\\\\\\\\\\\\\\\\\\\\\\\\\

@book{LewisHandbook,
    author = {James R. Lewis},
    year = {2022},
    chapter = {Usability Testing},
    pages = {1267-1305},
    title = {Handbook of Human Factors and Ergonomics Fourth Edition},
    url = {https://www.researchgate.net/profile/Cahyono-St/publication/361885118_Handbook_of_human_factors_and_ergonomics_fourth_edition/links/62ca4ecc00d0b4511046af45/Handbook-of-human-factors-and-ergonomics-fourth-edition.pdf#page=1274},
    isbn = {ISBN 978-1-118-13135-0 (ebk)}
}

\\\\\\\\\\\\\\\\\\\\\\\\\\\\\\\\\\\\\\\\\\\\\\\\\\\\\\\\\

@monography{KatiaTesteTCC, 
    address={Minas Gerais}, 
    author={K{\'a}tia Gomes Ferreira}, 
    pages={55}, 
    school={Universidade Federal de Minas Gerais}, 
    title={Teste de Usabilidade}, 
    type={Monografia de Final de Curso}, 
    year={2002},
    URL = {https://homepages.dcc.ufmg.br/~clarindo/arquivos/disciplinas/eu/material/referencias/monografia-avaliacao-usabilidade.pdf},
    urlaccessdate = {5 mar. 2024}
}

\\\\\\\\\\\\\\\\\\\\\\\\\\\\\\\\\\\\\\\\\\\\\\\\\\\\\\\\\

@MISC{GoogleForms,
  title        = "Google Formul{\'a}rios",
  booktitle    = "Google Formul{\'a}rios",
  author       = "Google",
  year         =  2024,
  url = {https://workspace.google.com/intl/pt-BR/products/forms/},
  urlaccessdate         = " 07 fev. 2024"
}

\\\\\\\\\\\\\\\\\\\\\\\\\\\\\\\\\\\\\\\\\\\\\\\\\\\\\\\\\

@MISC{GoogleSheets,
  title        = "Google Planilhas",
  booktitle    = "Google Planilhas",
  author       = "Google",
  year         =  2024,
  url = {https://workspace.google.com/intl/pt-BR/products/sheets/},
  urlaccessdate         = " 07 fev. 2024"
}

\\\\\\\\\\\\\\\\\\\\\\\\\\\\\\\\\\\\\\\\\\\\\\\\\\\\\\\\\

@MISC{Overleaf,
  title        = "Overleaf",
  booktitle    = "Overleaf",
  author       = "Overleaf",
  year         =  2024,
  url = {https://pt.overleaf.com/about},
  urlaccessdate         = " 07 fev. 2024"
}

%%%%%%%%

\\\\\\\\\\\\\\\\\\\\\\\\\\\\\\\\\\\\\\\\\\\\\\\\\\\\\\\\\

@INPROCEEDINGS{MetPesquisa,
  author={Gerhardt, Tatiana Engel and Silveira, Denise Tolfo},
  booktitle={M{\'e}todos de Pesquisa}, 
  publisher={Porto Alegre: Editora da UFRGS}, 
  year={2009},
  url={https://lume.ufrgs.br/handle/10183/52806}
}